<record><leader>00000cas a2200000 a 4500</leader><controlfield tag="001">15184099</controlfield><controlfield tag="008">870211d18661868inuwr ne      0    0eng c</controlfield><datafield ind1=" " ind2=" " tag="010"><subfield code="a">sn 87055386 </subfield></datafield><datafield ind1=" " ind2=" " tag="040"><subfield code="a">NPI</subfield><subfield code="b">eng</subfield><subfield code="c">NPI</subfield><subfield code="d">OCLCQ</subfield><subfield code="d">IUL</subfield><subfield code="d">OCLCF</subfield></datafield><datafield ind1=" " ind2=" " tag="042"><subfield code="a">pcc</subfield></datafield><datafield ind1=" " ind2=" " tag="043"><subfield code="a">n-us-in</subfield></datafield><datafield ind1="0" ind2="4" tag="245"><subfield code="a">The Lebanon weekly patriot.</subfield></datafield><datafield ind1=" " ind2=" " tag="260"><subfield code="a">Lebanon, Ind. :</subfield><subfield code="b">David E. Caldwell,</subfield><subfield code="c">1866-1868.</subfield></datafield><datafield ind1=" " ind2=" " tag="300"><subfield code="a">2 volumes</subfield></datafield><datafield ind1=" " ind2=" " tag="310"><subfield code="a">Weekly</subfield></datafield><datafield ind1="0" ind2=" " tag="362"><subfield code="a">Vol. 3, no. 24 (Feb. 22, 1866)-vol. V, no. 18 (Jan. 23, 1868).</subfield></datafield><datafield ind1=" " ind2=" " tag="500"><subfield code="a">Title from masthead.</subfield></datafield><datafield ind1=" " ind2="0" tag="651"><subfield code="a">Lebanon (Ind.)</subfield><subfield code="v">Newspapers.</subfield></datafield><datafield ind1=" " ind2="0" tag="651"><subfield code="a">Boone County (Ind.)</subfield><subfield code="v">Newspapers.</subfield></datafield><datafield ind1=" " ind2="7" tag="651"><subfield code="a">Indiana</subfield><subfield code="z">Boone County.</subfield><subfield code="2">fast</subfield><subfield code="0">(OCoLC)fst01216956</subfield></datafield><datafield ind1=" " ind2="7" tag="651"><subfield code="a">Indiana</subfield><subfield code="z">Lebanon.</subfield><subfield code="2">fast</subfield><subfield code="0">(OCoLC)fst01234210</subfield></datafield><datafield ind1=" " ind2="7" tag="655"><subfield code="a">Newspapers.</subfield><subfield code="2">fast</subfield><subfield code="0">(OCoLC)fst01423814</subfield></datafield><datafield ind1=" " ind2=" " tag="752"><subfield code="a">United States</subfield><subfield code="b">Indiana</subfield><subfield code="c">Boone</subfield><subfield code="d">Lebanon.</subfield></datafield><datafield ind1="0" ind2="0" tag="780"><subfield code="t">Lebanon patriot (Lebanon, Ind. : 1863)</subfield><subfield code="w">(DLC)sn 84037904</subfield><subfield code="w">(OCoLC)11154669</subfield></datafield><datafield ind1="0" ind2="0" tag="785"><subfield code="t">Lebanon patriot (Lebanon, Ind. : 1868)</subfield><subfield code="w">(DLC)sn 87055387</subfield><subfield code="w">(OCoLC)15184110</subfield></datafield><datafield ind1="4" ind2="1" tag="856"><subfield code="u">https://access.newspaperarchive.com/us/indiana/lebanon/lebanon-weekly-patriot/</subfield></datafield></record>